
  <record xmlns="http://www.loc.gov/MARC21/slim">
    <leader>00000cem a2200000Mc 4500</leader>
    <controlfield tag="001">ocn181570042</controlfield>
    <controlfield tag="003">OCoLC</controlfield>
    <controlfield tag="005">20160520043630.5</controlfield>
    <controlfield tag="008">060523s2006    gw        a     0   ger d</controlfield>
    <datafield tag="040" ind1=" " ind2=" ">
      <subfield code="a">GWDNB</subfield>
      <subfield code="b">ger</subfield>
      <subfield code="e">rakwb</subfield>
      <subfield code="c">GWDNB</subfield>
    </datafield>
    <datafield tag="015" ind1=" " ind2=" ">
      <subfield code="a">06,C03,0701</subfield>
      <subfield code="2">dnb</subfield>
    </datafield>
    <datafield tag="016" ind1="7" ind2=" ">
      <subfield code="a">979892090</subfield>
      <subfield code="2">DE-101</subfield>
    </datafield>
    <datafield tag="020" ind1=" " ind2=" ">
      <subfield code="a">3899202899</subfield>
    </datafield>
    <datafield tag="020" ind1=" " ind2=" ">
      <subfield code="a">9783899202892</subfield>
    </datafield>
    <datafield tag="029" ind1="0" ind2=" ">
      <subfield code="a">GWDNB</subfield>
      <subfield code="b">979892090</subfield>
    </datafield>
    <datafield tag="029" ind1="1" ind2=" ">
      <subfield code="a">HEBIS</subfield>
      <subfield code="b">179389793</subfield>
    </datafield>
    <datafield tag="035" ind1=" " ind2=" ">
      <subfield code="a">(OCoLC)181570042</subfield>
    </datafield>
    <datafield tag="044" ind1=" " ind2=" ">
      <subfield code="c">XA-DE-NW</subfield>
    </datafield>
    <datafield tag="084" ind1=" " ind2=" ">
      <subfield code="a">910</subfield>
      <subfield code="2">sdnb</subfield>
    </datafield>
    <datafield tag="084" ind1=" " ind2=" ">
      <subfield code="a">910</subfield>
      <subfield code="2">GyFmDB</subfield>
    </datafield>
    <datafield tag="049" ind1=" " ind2=" ">
      <subfield code="a">MAIN</subfield>
    </datafield>
    <datafield tag="245" ind1="0" ind2="0">
      <subfield code="a">Rhön, Spessart, Vogelsberg</subfield>
      <subfield code="b">die schönsten Motorradziele</subfield>
    </datafield>
    <datafield tag="255" ind1=" " ind2=" ">
      <subfield code="a">1:200 000</subfield>
    </datafield>
    <datafield tag="260" ind1="3" ind2=" ">
      <subfield code="a">Geseke</subfield>
      <subfield code="b">Publicpress</subfield>
      <subfield code="c">2006, [2006]</subfield>
    </datafield>
    <datafield tag="300" ind1=" " ind2=" ">
      <subfield code="a">1 Kt.</subfield>
      <subfield code="b">mehrfarb.</subfield>
      <subfield code="c">80 x 59 cm, gefaltet, 70 gr.</subfield>
    </datafield>
    <datafield tag="490" ind1="0" ind2=" ">
      <subfield code="a">Motorradkarte</subfield>
    </datafield>
    <datafield tag="500" ind1=" " ind2=" ">
      <subfield code="a">Mit Bildern, Texten und 1 Nebenkt. - Mit Schummerung</subfield>
    </datafield>
    <datafield tag="590" ind1=" " ind2=" ">
      <subfield code="b">alles</subfield>
    </datafield>
    <datafield tag="590" ind1=" " ind2=" ">
      <subfield code="a">OCLC</subfield>
      <subfield code="b">WorldCat Holdings</subfield>
    </datafield>
    <datafield tag="590" ind1=" " ind2=" ">
      <subfield code="b">Test Datenabzug_neu</subfield>
    </datafield>
    <datafield tag="590" ind1=" " ind2=" ">
      <subfield code="b">Test Kollektion eigene Einstellungen</subfield>
    </datafield>
    <datafield tag="856" ind1="4" ind2="2">
      <subfield code="3">Ausführliche Beschreibung</subfield>
      <subfield code="q">text/html</subfield>
      <subfield code="u">http://www.publicpress.de/index.php?an=Artikeldetail&amp;artid=276</subfield>
    </datafield>
    <datafield tag="994" ind1=" " ind2=" ">
      <subfield code="a">92</subfield>
      <subfield code="b">DEFHM</subfield>
    </datafield>
  </record>