
  <record xmlns="http://www.loc.gov/MARC21/slim">
    <leader>00000cas a2200000Mi 4500</leader>
    <controlfield tag="001">ocn231013554</controlfield>
    <controlfield tag="003">OCoLC</controlfield>
    <controlfield tag="005">20160520044525.8</controlfield>
    <controlfield tag="008">991119c19549999mduuu p       0    0eng d</controlfield>
    <datafield tag="040" ind1=" " ind2=" ">
      <subfield code="a">GEBAY</subfield>
      <subfield code="b">ger</subfield>
      <subfield code="e">rakwb</subfield>
      <subfield code="c">GEBAY</subfield>
      <subfield code="d">OCLCQ</subfield>
      <subfield code="d">CHVBK</subfield>
      <subfield code="d">GBVCP</subfield>
      <subfield code="d">OCLCQ</subfield>
      <subfield code="d">HEBIS</subfield>
    </datafield>
    <datafield tag="015" ind1=" " ind2=" ">
      <subfield code="a">011739819</subfield>
      <subfield code="2">dnb</subfield>
    </datafield>
    <datafield tag="016" ind1="7" ind2=" ">
      <subfield code="a">011739819</subfield>
      <subfield code="2">DE-101</subfield>
    </datafield>
    <datafield tag="016" ind1="7" ind2=" ">
      <subfield code="a">280048-2</subfield>
      <subfield code="2">DE-600</subfield>
    </datafield>
    <datafield tag="019" ind1=" " ind2=" ">
      <subfield code="a">612790462</subfield>
    </datafield>
    <datafield tag="022" ind1=" " ind2=" ">
      <subfield code="a">0002-9165</subfield>
      <subfield code="l">0002-9165</subfield>
    </datafield>
    <datafield tag="029" ind1="1" ind2=" ">
      <subfield code="a">GBVCP</subfield>
      <subfield code="b">129849723</subfield>
    </datafield>
    <datafield tag="029" ind1="1" ind2=" ">
      <subfield code="a">HEBIS</subfield>
      <subfield code="b">04744827X</subfield>
    </datafield>
    <datafield tag="029" ind1="1" ind2=" ">
      <subfield code="a">HEBIS</subfield>
      <subfield code="b">103839364</subfield>
    </datafield>
    <datafield tag="030" ind1=" " ind2=" ">
      <subfield code="a">AJCNA</subfield>
    </datafield>
    <datafield tag="035" ind1=" " ind2=" ">
      <subfield code="a">(OCoLC)231013554</subfield>
      <subfield code="z">(OCoLC)612790462</subfield>
    </datafield>
    <datafield tag="084" ind1=" " ind2=" ">
      <subfield code="a">12,2</subfield>
      <subfield code="2">ssgn</subfield>
    </datafield>
    <datafield tag="084" ind1=" " ind2=" ">
      <subfield code="a">44.52</subfield>
      <subfield code="2">bcl</subfield>
    </datafield>
    <datafield tag="084" ind1=" " ind2=" ">
      <subfield code="a">720</subfield>
      <subfield code="2">GyBeDBIZ</subfield>
    </datafield>
    <datafield tag="049" ind1=" " ind2=" ">
      <subfield code="a">MAIN</subfield>
    </datafield>
    <datafield tag="210" ind1="1" ind2="0">
      <subfield code="a">Am. J. Clin. Nutr.</subfield>
    </datafield>
    <datafield tag="245" ind1="0" ind2="4">
      <subfield code="a">The American journal of clinical nutrition :</subfield>
      <subfield code="b">a publication of the American Society for Nutrition, Inc.</subfield>
    </datafield>
    <datafield tag="246" ind1="1" ind2="3">
      <subfield code="a">Official journal of the American Society for Clinical Nutrition, Inc</subfield>
    </datafield>
    <datafield tag="260" ind1=" " ind2=" ">
      <subfield code="a">Bethesda, Md. :</subfield>
      <subfield code="b">ASN</subfield>
    </datafield>
    <datafield tag="270" ind1=" " ind2=" ">
      <subfield code="a">Donnelley</subfield>
      <subfield code="a">New York, NY [u.a.]</subfield>
      <subfield code="z">1954-1966</subfield>
    </datafield>
    <datafield tag="270" ind1=" " ind2=" ">
      <subfield code="a">American Society for Clinical Nutrition</subfield>
      <subfield code="a">Bethesda, Md.</subfield>
      <subfield code="z">früher</subfield>
    </datafield>
    <datafield tag="362" ind1="0" ind2=" ">
      <subfield code="a">2.1954,4-</subfield>
    </datafield>
    <datafield tag="500" ind1=" " ind2=" ">
      <subfield code="a">Zusatz früher: official journal of the American Society for Clinical Nutrition, Inc.</subfield>
    </datafield>
    <datafield tag="500" ind1=" " ind2=" ">
      <subfield code="a">Beteil. Körp. anfangs: American Society for Clinical Nutrition.</subfield>
    </datafield>
    <datafield tag="501" ind1=" " ind2=" ">
      <subfield code="a">Ungezählte Beil.: Suppl.</subfield>
    </datafield>
    <datafield tag="590" ind1=" " ind2=" ">
      <subfield code="b">alles</subfield>
    </datafield>
    <datafield tag="590" ind1=" " ind2=" ">
      <subfield code="a">OCLC</subfield>
      <subfield code="b">WorldCat Holdings</subfield>
    </datafield>
    <datafield tag="590" ind1=" " ind2=" ">
      <subfield code="b">Test Datenabzug_neu</subfield>
    </datafield>
    <datafield tag="590" ind1=" " ind2=" ">
      <subfield code="b">Test Kollektion eigene Einstellungen</subfield>
    </datafield>
    <datafield tag="650" ind1=" " ind2="7">
      <subfield code="a">Ernährung</subfield>
      <subfield code="v">Zeitschrift.</subfield>
      <subfield code="2">idsbb</subfield>
    </datafield>
    <datafield tag="653" ind1="0" ind2=" ">
      <subfield code="a">Ernährungsphysiologie</subfield>
      <subfield code="a">Zeitschrift</subfield>
    </datafield>
    <datafield tag="653" ind1="0" ind2=" ">
      <subfield code="a">Ernährungskrankheit</subfield>
      <subfield code="a">Zeitschrift</subfield>
    </datafield>
    <datafield tag="653" ind1="0" ind2=" ">
      <subfield code="a">Diät</subfield>
      <subfield code="a">Zeitschrift</subfield>
    </datafield>
    <datafield tag="710" ind1="2" ind2=" ">
      <subfield code="a">American Society for Clinical Nutrition.</subfield>
    </datafield>
    <datafield tag="710" ind1="2" ind2=" ">
      <subfield code="a">American Society for Nutrition.</subfield>
    </datafield>
    <datafield tag="770" ind1="0" ind2="8">
      <subfield code="i">32.1979,1 enth. 5 von</subfield>
      <subfield code="t">International Symposium on Intestinal Microecology: International Symposium on Intestinal Microecology</subfield>
    </datafield>
    <datafield tag="775" ind1="0" ind2="8">
      <subfield code="i">Internetausg.</subfield>
      <subfield code="t">American journal of clinical nutrition</subfield>
    </datafield>
    <datafield tag="776" ind1="0" ind2="8">
      <subfield code="i">Internetausg.</subfield>
      <subfield code="t">The @American journal of clinical nutrition</subfield>
      <subfield code="w">(GYFmHBV)084054964</subfield>
    </datafield>
    <datafield tag="780" ind1="0" ind2="2">
      <subfield code="i">Vorg.</subfield>
      <subfield code="t">Journal of clinical nutrition</subfield>
    </datafield>
    <datafield tag="787" ind1="0" ind2="8">
      <subfield code="t">30,11=4; 33,11,Suppl.=6 von: International Symposium on Intestinal Microecology: International Symposium on Intestinal Microecology</subfield>
    </datafield>
    <datafield tag="787" ind1="0" ind2="8">
      <subfield code="t">48,3,Suppl.=1 von: International Congress on Vegetarian Nutrition: Proceedings of a congress</subfield>
    </datafield>
    <datafield tag="787" ind1="0" ind2="8">
      <subfield code="t">49,5,Suppl.=1 von: International Conference on Nutrition and Fitness: Proceedings of a conference</subfield>
    </datafield>
    <datafield tag="787" ind1="0" ind2="8">
      <subfield code="t">50,3,Suppl.=1988 von: International Conference on Iron Deficiency and Behavioral Development: Proceedings of a conference</subfield>
    </datafield>
    <datafield tag="787" ind1="0" ind2="8">
      <subfield code="t">51,Suppl.=30; in: 53,3=31; 65,3,Suppl.=32 von: American Society for Clinical Nutrition: Program</subfield>
    </datafield>
    <datafield tag="787" ind1="0" ind2="8">
      <subfield code="t">59,3,Suppl.=18 von: Stiftelsen Svensk Näringsforskning: Proceedings of the Swedish Nutrition Foundationś ... international symposium</subfield>
    </datafield>
    <datafield tag="787" ind1="0" ind2="8">
      <subfield code="t">33,7=2 von: International Congress on Nutrition in Renal Disease: Proceedings of the International Congress on Nutrition in Renal Disease</subfield>
    </datafield>
    <datafield tag="994" ind1=" " ind2=" ">
      <subfield code="a">92</subfield>
      <subfield code="b">DEFHM</subfield>
    </datafield>
  </record>