
  <record xmlns="http://www.loc.gov/MARC21/slim">
    <leader>00000cam a2200000Mi 4500</leader>
    <controlfield tag="001">ocn255680877</controlfield>
    <controlfield tag="003">OCoLC</controlfield>
    <controlfield tag="005">20160520044101.1</controlfield>
    <controlfield tag="008">060906s2007    njua          000 0 eng d</controlfield>
    <datafield tag="010" ind1=" " ind2=" ">
      <subfield code="a">  2006934844</subfield>
    </datafield>
    <datafield tag="040" ind1=" " ind2=" ">
      <subfield code="a">GyGoGBV</subfield>
      <subfield code="b">ger</subfield>
      <subfield code="e">rakwb</subfield>
      <subfield code="c">GBVCP</subfield>
      <subfield code="d">CHVBK</subfield>
      <subfield code="d">OD$</subfield>
      <subfield code="d">OCLCO</subfield>
      <subfield code="d">OCLCQ</subfield>
      <subfield code="d">OCLCO</subfield>
    </datafield>
    <datafield tag="015" ind1=" " ind2=" ">
      <subfield code="a">013-54145</subfield>
    </datafield>
    <datafield tag="016" ind1="7" ind2=" ">
      <subfield code="a">013-54145</subfield>
      <subfield code="2">uk</subfield>
    </datafield>
    <datafield tag="020" ind1=" " ind2=" ">
      <subfield code="a">0470089857</subfield>
      <subfield code="q">(pbk.)</subfield>
    </datafield>
    <datafield tag="020" ind1=" " ind2=" ">
      <subfield code="a">9780470089859</subfield>
    </datafield>
    <datafield tag="029" ind1="1" ind2=" ">
      <subfield code="a">CHBIS</subfield>
      <subfield code="b">009290991</subfield>
    </datafield>
    <datafield tag="029" ind1="1" ind2=" ">
      <subfield code="a">CHDSB</subfield>
      <subfield code="b">004441790</subfield>
    </datafield>
    <datafield tag="029" ind1="1" ind2=" ">
      <subfield code="a">CHVBK</subfield>
      <subfield code="b">117959553</subfield>
    </datafield>
    <datafield tag="029" ind1="1" ind2=" ">
      <subfield code="a">CHVBK</subfield>
      <subfield code="b">194846326</subfield>
    </datafield>
    <datafield tag="029" ind1="1" ind2=" ">
      <subfield code="a">GBVCP</subfield>
      <subfield code="b">517133008</subfield>
    </datafield>
    <datafield tag="035" ind1=" " ind2=" ">
      <subfield code="a">(OCoLC)255680877</subfield>
    </datafield>
    <datafield tag="050" ind1=" " ind2="0">
      <subfield code="a">QH324.2</subfield>
    </datafield>
    <datafield tag="060" ind1=" " ind2="0">
      <subfield code="a">QU 26.5</subfield>
    </datafield>
    <datafield tag="082" ind1="0" ind2="0">
      <subfield code="a">572.80285</subfield>
    </datafield>
    <datafield tag="084" ind1=" " ind2=" ">
      <subfield code="a">42.11 ; Biomathematik ; Biokybernetik</subfield>
      <subfield code="2">bcl</subfield>
    </datafield>
    <datafield tag="084" ind1=" " ind2=" ">
      <subfield code="a">42.13 ; Molekularbiologie</subfield>
      <subfield code="2">bcl</subfield>
    </datafield>
    <datafield tag="084" ind1=" " ind2=" ">
      <subfield code="a">44.32 ; Medizinische Mathematik ; medizinische Statistik</subfield>
      <subfield code="2">bcl</subfield>
    </datafield>
    <datafield tag="084" ind1=" " ind2=" ">
      <subfield code="a">WC 7700</subfield>
      <subfield code="2">z</subfield>
    </datafield>
    <datafield tag="084" ind1=" " ind2=" ">
      <subfield code="a">42.11</subfield>
      <subfield code="2">bcl</subfield>
    </datafield>
    <datafield tag="084" ind1=" " ind2=" ">
      <subfield code="a">42.13</subfield>
      <subfield code="2">bcl</subfield>
    </datafield>
    <datafield tag="084" ind1=" " ind2=" ">
      <subfield code="a">44.32</subfield>
      <subfield code="2">bcl</subfield>
    </datafield>
    <datafield tag="084" ind1=" " ind2=" ">
      <subfield code="a">WC 7700</subfield>
      <subfield code="2">rvk</subfield>
    </datafield>
    <datafield tag="049" ind1=" " ind2=" ">
      <subfield code="a">MAIN</subfield>
    </datafield>
    <datafield tag="100" ind1="1" ind2=" ">
      <subfield code="a">Claverie, Jean-Michel.</subfield>
    </datafield>
    <datafield tag="245" ind1="1" ind2="0">
      <subfield code="a">Bioinformatics for dummies /</subfield>
      <subfield code="c">by Jean-Michel Claverie and Cedric Notredame.</subfield>
    </datafield>
    <datafield tag="250" ind1=" " ind2=" ">
      <subfield code="a">2nd ed.</subfield>
    </datafield>
    <datafield tag="260" ind1=" " ind2=" ">
      <subfield code="a">Hoboken, NJ :</subfield>
      <subfield code="b">Wiley,</subfield>
      <subfield code="c">c 2007.</subfield>
    </datafield>
    <datafield tag="300" ind1=" " ind2=" ">
      <subfield code="a">XVIII, 436 S. :</subfield>
      <subfield code="b">Ill., graph. Darst. ;</subfield>
      <subfield code="c">24 cm</subfield>
    </datafield>
    <datafield tag="504" ind1=" " ind2=" ">
      <subfield code="a">Introduction-PART I: GETTING STARTED IN BIOINFORMATICS: Finding out what bioinformatics can do for you-How most people use bioinformatics-PART II: A SURVIVAL GUIDE TO BIOINFORMATICS: Using nucleotide sequence databases-Using protein and specialized sequence databases-Working with a single DNA sequence-Working with a single protein sequence-PART III: BECOMING A PRO IN SEQUENCE ANALYSIS: Similarity searches on sequence databases-Comparing two sequences-Building a multiple sequence alignment-Editing and publishing alignments-PART IV: BECOMING A SPECIALIST: ADVANCED BIOINFORMATICS TECHNIQUES: Working with protein 3-D structures-Working with RNA-Building phytogenetic trees-PART V: THE PART OF TENS: The ten (okay, twelve) commandments for using servers-Some useful bioinformatics resources.</subfield>
    </datafield>
    <datafield tag="505" ind1="0" ind2=" ">
      <subfield code="a">Introduction -- PART I: GETTING STARTED IN BIOINFORMATICS: Finding out what bioinformatics can do for you -- How most people use bioinformatics -- PART II: A SURVIVAL GUIDE TO BIOINFORMATICS: Using nucleotide sequence databases -- Using protein and specialized sequence databases -- Working with a single DNA sequence -- Working with a single protein sequence -- PART III: BECOMING A PRO IN SEQUENCE ANALYSIS: Similarity searches on sequence databases -- Comparing two sequences -- Building a multiple sequence alignment -- Editing and publishing alignments -- PART IV: BECOMING A SPECIALIST: ADVANCED BIOINFORMATICS TECHNIQUES: Working with protein 3-D structures -- Working with RNA -- Building phytogenetic trees -- PART V: THE PART OF TENS: The ten (okay, twelve) commandments for using servers -- Some useful bioinformatics resources.</subfield>
    </datafield>
    <datafield tag="590" ind1=" " ind2=" ">
      <subfield code="b">alles</subfield>
    </datafield>
    <datafield tag="590" ind1=" " ind2=" ">
      <subfield code="a">OCLC</subfield>
      <subfield code="b">WorldCat Holdings</subfield>
    </datafield>
    <datafield tag="590" ind1=" " ind2=" ">
      <subfield code="b">Test Datenabzug_neu</subfield>
    </datafield>
    <datafield tag="590" ind1=" " ind2=" ">
      <subfield code="b">Test Kollektion eigene Einstellungen</subfield>
    </datafield>
    <datafield tag="650" ind1=" " ind2="0">
      <subfield code="a">Bio-informatique.</subfield>
    </datafield>
    <datafield tag="650" ind1=" " ind2="0">
      <subfield code="a">Bioinformatics.</subfield>
    </datafield>
    <datafield tag="650" ind1=" " ind2="0">
      <subfield code="a">Computational biology.</subfield>
    </datafield>
    <datafield tag="650" ind1=" " ind2="4">
      <subfield code="a">DNS</subfield>
      <subfield code="x">Sequenzanalyse &lt;Chemie&gt;</subfield>
      <subfield code="x">Molekulare Bioinformatik.</subfield>
    </datafield>
    <datafield tag="650" ind1=" " ind2="4">
      <subfield code="a">Proteine</subfield>
      <subfield code="x">Sequenzanalyse &lt;Chemie&gt;</subfield>
      <subfield code="x">Molekulare Bioinformatik.</subfield>
    </datafield>
    <datafield tag="650" ind1=" " ind2="7">
      <subfield code="a">Bio-informatica.</subfield>
      <subfield code="2">gtt</subfield>
    </datafield>
    <datafield tag="650" ind1=" " ind2="7">
      <subfield code="a">Bioinformatik.</subfield>
      <subfield code="2">idsbb</subfield>
    </datafield>
    <datafield tag="653" ind1=" " ind2="0">
      <subfield code="a">Bioinformatics</subfield>
    </datafield>
    <datafield tag="653" ind1=" " ind2="0">
      <subfield code="a">Bioinformatik ; SWD-ID: 46110859</subfield>
    </datafield>
    <datafield tag="700" ind1="1" ind2=" ">
      <subfield code="a">Notredame, Cedric.</subfield>
    </datafield>
    <datafield tag="856" ind1="4" ind2=" ">
      <subfield code="u">http://catdir.loc.gov/catdir/enhancements/fy0827/2006934844-b.html</subfield>
    </datafield>
    <datafield tag="856" ind1="4" ind2=" ">
      <subfield code="u">http://catdir.loc.gov/catdir/enhancements/fy0827/2006934844-d.html</subfield>
    </datafield>
    <datafield tag="856" ind1="4" ind2=" ">
      <subfield code="u">http://catdir.loc.gov/catdir/enhancements/fy0827/2006934844-t.html</subfield>
    </datafield>
    <datafield tag="994" ind1=" " ind2=" ">
      <subfield code="a">92</subfield>
      <subfield code="b">DEFHM</subfield>
    </datafield>
  </record>