
  <record xmlns="http://www.loc.gov/MARC21/slim">
    <leader>00000npc a22000003u 4500</leader>
    <controlfield tag="001">ocn696257569</controlfield>
    <controlfield tag="003">OCoLC</controlfield>
    <controlfield tag="005">20160520044252.1</controlfield>
    <controlfield tag="008">160110nuuuuuuuuxx      o           ger d</controlfield>
    <datafield tag="040" ind1=" " ind2=" ">
      <subfield code="a">DEUDE</subfield>
      <subfield code="c">DEUDE</subfield>
    </datafield>
    <datafield tag="024" ind1="8" ind2=" ">
      <subfield code="a">urn:nbn:de:hbz:465-20090807-111343-8</subfield>
    </datafield>
    <datafield tag="029" ind1="0" ind2=" ">
      <subfield code="a">DEUDE</subfield>
      <subfield code="b">oai:duepublico.uni-duisburg-essen.de:20542</subfield>
      <subfield code="c">http://duepublico.uni-duisburg-essen.de/servlets/OAIDataProvider DDC:6:62</subfield>
      <subfield code="t">DGCNT</subfield>
    </datafield>
    <datafield tag="035" ind1=" " ind2=" ">
      <subfield code="a">(OCoLC)696257569</subfield>
    </datafield>
    <datafield tag="042" ind1=" " ind2=" ">
      <subfield code="a">dc</subfield>
    </datafield>
    <datafield tag="049" ind1=" " ind2=" ">
      <subfield code="a">MAIN</subfield>
    </datafield>
    <datafield tag="245" ind1="0" ind2="0">
      <subfield code="a">Broadacre City und die Zwischenstadt</subfield>
      <subfield code="h">[electronic resource].</subfield>
    </datafield>
    <datafield tag="246" ind1="1" ind2="3">
      <subfield code="a">Neueinordnung des amerikanischen Entwurfsmodells im Rahmen der aktuellen Debatte zur Qualifizierung der Zwischenstadt</subfield>
    </datafield>
    <datafield tag="246" ind1="1" ind2="3">
      <subfield code="a">Boradacre City and Zwischenstadt.</subfield>
    </datafield>
    <datafield tag="520" ind1="8" ind2=" ">
      <subfield code="a">Kann man von der Broadacre City noch etwas lernen? Frank Lloyd Wrights Broadacre City ist, neben der Ville Radieuse und der Gartenstadt, das zentrale Stadtmodell der Moderne. Wright formulierte mit der Broadacre City eine radikale Dezentralisierung der Stadt. Damit ist es das umstrittenste und gleichzeitig das realistischste der drei Stadtmodelle. Die deutsche Debatte um die Zwischenstadt, die 80 Jahre nach Wright an der Gestaltung der nun real entstandenen dezentralen Stadtlandschaft arbeitet, kann über die Wiederentdeckung Wrights geschärft werden. Die Broadacre City ist das historische Fundament der Zwischenstadtdebatte, mit einem Erfahrungsschatz von rund 600 Entwürfen und 400 gebauten Projekten. Die vorliegende Arbeit ist ein systematischer Vergleich der Broadacre City und der Zwischenstadt. Sie erforscht Parallelitäten und zeigt auf, was wir heute noch von Frank Loyd Wright über die Gestaltung moderner Stadtlandschaften lernen können.</subfield>
    </datafield>
    <datafield tag="520" ind1="8" ind2=" ">
      <subfield code="a">What can be learned from Broadacre City? Besides the Ville Radieuse and the Garden City Frank Lloyd Wrights Broadacre City is the main city model of modernity. Wrights Broadacre City is a model for a radical decentralization of the city. For this reason it is the most controversial as well as the most realistic city model. The German debate on the Zwischenstadt deals with the design of contemporary forms for decentralized urban landscapes that came to reality 80 years after Wright. By re-discovering Wright the German debate can be enhanced. Broadacre City is the historic base of the Zwischenstadt debate with a pool of experience of about 600 design schemes and 400 realized projects. This work is a systematic comparison of the Broadacre City and the Zwischenstadt. It is a research on their parallels showing what can be learned today from Frank Lloyd Wright for the design of modern urban landscapes.</subfield>
    </datafield>
    <datafield tag="546" ind1=" " ind2=" ">
      <subfield code="a">German</subfield>
    </datafield>
    <datafield tag="500" ind1=" " ind2=" ">
      <subfield code="a">application/pdf</subfield>
    </datafield>
    <datafield tag="506" ind1="0" ind2=" ">
      <subfield code="a">Open access content</subfield>
      <subfield code="f">Open access content</subfield>
      <subfield code="2">star</subfield>
    </datafield>
    <datafield tag="590" ind1=" " ind2=" ">
      <subfield code="b">alles</subfield>
    </datafield>
    <datafield tag="590" ind1=" " ind2=" ">
      <subfield code="a">OCLC</subfield>
      <subfield code="b">WorldCat Holdings</subfield>
    </datafield>
    <datafield tag="590" ind1=" " ind2=" ">
      <subfield code="b">Test Datenabzug_neu</subfield>
    </datafield>
    <datafield tag="590" ind1=" " ind2=" ">
      <subfield code="b">Test Kollektion eigene Einstellungen</subfield>
    </datafield>
    <datafield tag="653" ind1=" " ind2=" ">
      <subfield code="a">Stadtentwicklung</subfield>
    </datafield>
    <datafield tag="653" ind1=" " ind2=" ">
      <subfield code="a">Städtebau</subfield>
    </datafield>
    <datafield tag="653" ind1=" " ind2=" ">
      <subfield code="a">Regionalplanung</subfield>
    </datafield>
    <datafield tag="653" ind1=" " ind2=" ">
      <subfield code="a">Broadacre City</subfield>
    </datafield>
    <datafield tag="653" ind1=" " ind2=" ">
      <subfield code="a">Zwischenstadt</subfield>
    </datafield>
    <datafield tag="653" ind1=" " ind2=" ">
      <subfield code="a">Frank Lloyd Wright</subfield>
    </datafield>
    <datafield tag="653" ind1=" " ind2=" ">
      <subfield code="a">Thomas Sieverts</subfield>
    </datafield>
    <datafield tag="653" ind1=" " ind2=" ">
      <subfield code="a">Stadtmodell</subfield>
    </datafield>
    <datafield tag="653" ind1=" " ind2=" ">
      <subfield code="a">Dezentralisierung</subfield>
    </datafield>
    <datafield tag="653" ind1=" " ind2=" ">
      <subfield code="a">Stadtlandschaft</subfield>
    </datafield>
    <datafield tag="653" ind1=" " ind2=" ">
      <subfield code="a">600 Technik, Medizin, angewandte Wissenschaften » 620 Ingenieurwissenschaften » 624 Bauingenieurwesen, Ingenieurbauten</subfield>
    </datafield>
    <datafield tag="653" ind1=" " ind2=" ">
      <subfield code="a">Fakultät für Ingenieurwissenschaften » Bauwissenschaften » Bauingenieurwesen » Stadtplanung und Städtebau</subfield>
    </datafield>
    <datafield tag="655" ind1=" " ind2="4">
      <subfield code="a">Wissenschaftliche Abschlussarbeiten » Dissertation</subfield>
    </datafield>
    <datafield tag="655" ind1=" " ind2="4">
      <subfield code="a">Text</subfield>
    </datafield>
    <datafield tag="720" ind1=" " ind2=" ">
      <subfield code="a">Widmann, Renatus</subfield>
      <subfield code="4">ctb</subfield>
    </datafield>
    <datafield tag="720" ind1=" " ind2=" ">
      <subfield code="a">Schmidt, J. Alexander</subfield>
      <subfield code="4">ctb</subfield>
    </datafield>
    <datafield tag="720" ind1=" " ind2=" ">
      <subfield code="a">Werner, Frank R.</subfield>
      <subfield code="4">ctb</subfield>
    </datafield>
    <datafield tag="720" ind1=" " ind2=" ">
      <subfield code="a">Bremer, Stefanie</subfield>
      <subfield code="4">cre</subfield>
    </datafield>
    <datafield tag="856" ind1="4" ind2="0">
      <subfield code="3">Item Resolution URL</subfield>
      <subfield code="i">Put this Resolution URL in a web browser to view this item.</subfield>
      <subfield code="u">http://duepublico.uni-duisburg-essen.de/servlets/DocumentServlet?id=20542</subfield>
      <subfield code="x">This 856 field was generated using the WorldCat Digital Collection Gateway</subfield>
      <subfield code="y">View online</subfield>
    </datafield>
    <datafield tag="856" ind1="4" ind2="0">
      <subfield code="u">http://duepublico.uni-duisburg-essen.de/servlets/DerivateServlet/Derivate-22360/Broadacre_Bremer.pdf</subfield>
    </datafield>
    <datafield tag="902" ind1=" " ind2=" ">
      <subfield code="g">UNIV DUISBURG ESSEN</subfield>
      <subfield code="h">Wissenschaftliche Abschlussarbeiten » Dissertation</subfield>
    </datafield>
    <datafield tag="902" ind1=" " ind2=" ">
      <subfield code="g">UNIV DUISBURG ESSEN</subfield>
      <subfield code="h">Text</subfield>
    </datafield>
    <datafield tag="949" ind1=" " ind2=" ">
      <subfield code="x">i</subfield>
    </datafield>
    <datafield tag="994" ind1=" " ind2=" ">
      <subfield code="a">92</subfield>
      <subfield code="b">DEFHM</subfield>
    </datafield>
  </record>