
  <record xmlns="http://www.loc.gov/MARC21/slim">
    <leader>00000cam a2200000 i 4500</leader>
    <controlfield tag="001">ocn758397903</controlfield>
    <controlfield tag="003">OCoLC</controlfield>
    <controlfield tag="005">20160520044036.9</controlfield>
    <controlfield tag="008">120217s2012    inua     b    001 0 eng  </controlfield>
    <datafield tag="010" ind1=" " ind2=" ">
      <subfield code="a">  2012003734</subfield>
    </datafield>
    <datafield tag="040" ind1=" " ind2=" ">
      <subfield code="a">DLC</subfield>
      <subfield code="b">eng</subfield>
      <subfield code="e">rda</subfield>
      <subfield code="c">DLC</subfield>
      <subfield code="d">YDX</subfield>
      <subfield code="d">BTCTA</subfield>
      <subfield code="d">UKMGB</subfield>
      <subfield code="d">YDXCP</subfield>
      <subfield code="d">BWX</subfield>
      <subfield code="d">CDX</subfield>
      <subfield code="d">AU@</subfield>
      <subfield code="d">OCLCO</subfield>
      <subfield code="d">BDX</subfield>
      <subfield code="d">FMU</subfield>
      <subfield code="d">OCLCQ</subfield>
    </datafield>
    <datafield tag="016" ind1="7" ind2=" ">
      <subfield code="a">016004912</subfield>
      <subfield code="2">Uk</subfield>
    </datafield>
    <datafield tag="019" ind1=" " ind2=" ">
      <subfield code="a">781565178</subfield>
    </datafield>
    <datafield tag="020" ind1=" " ind2=" ">
      <subfield code="a">9780789749260</subfield>
    </datafield>
    <datafield tag="020" ind1=" " ind2=" ">
      <subfield code="a">0789749262</subfield>
    </datafield>
    <datafield tag="029" ind1="1" ind2=" ">
      <subfield code="a">AU@</subfield>
      <subfield code="b">000048629117</subfield>
    </datafield>
    <datafield tag="029" ind1="1" ind2=" ">
      <subfield code="a">AU@</subfield>
      <subfield code="b">000048911482</subfield>
    </datafield>
    <datafield tag="035" ind1=" " ind2=" ">
      <subfield code="a">(OCoLC)758397903</subfield>
      <subfield code="z">(OCoLC)781565178</subfield>
    </datafield>
    <datafield tag="042" ind1=" " ind2=" ">
      <subfield code="a">pcc</subfield>
    </datafield>
    <datafield tag="050" ind1="0" ind2="0">
      <subfield code="a">LB2395</subfield>
      <subfield code="b">.M785 2012</subfield>
    </datafield>
    <datafield tag="082" ind1="0" ind2="0">
      <subfield code="a">371.3</subfield>
      <subfield code="2">23</subfield>
    </datafield>
    <datafield tag="049" ind1=" " ind2=" ">
      <subfield code="a">MAIN</subfield>
    </datafield>
    <datafield tag="100" ind1="1" ind2=" ">
      <subfield code="a">Murray, Katherine,</subfield>
      <subfield code="d">1961-</subfield>
    </datafield>
    <datafield tag="245" ind1="1" ind2="0">
      <subfield code="a">My Evernote /</subfield>
      <subfield code="c">Katherine Murray.</subfield>
    </datafield>
    <datafield tag="260" ind1=" " ind2=" ">
      <subfield code="a">Indianapolis, Indiana :</subfield>
      <subfield code="b">Que,</subfield>
      <subfield code="c">[2012]</subfield>
    </datafield>
    <datafield tag="300" ind1=" " ind2=" ">
      <subfield code="a">xiii, 238 pages :</subfield>
      <subfield code="b">color illustrations ;</subfield>
      <subfield code="c">23 cm</subfield>
    </datafield>
    <datafield tag="336" ind1=" " ind2=" ">
      <subfield code="a">text</subfield>
      <subfield code="b">txt</subfield>
      <subfield code="2">rdacontent</subfield>
    </datafield>
    <datafield tag="337" ind1=" " ind2=" ">
      <subfield code="a">unmediated</subfield>
      <subfield code="b">n</subfield>
      <subfield code="2">rdamedia</subfield>
    </datafield>
    <datafield tag="338" ind1=" " ind2=" ">
      <subfield code="a">volume</subfield>
      <subfield code="b">nc</subfield>
      <subfield code="2">rdacarrier</subfield>
    </datafield>
    <datafield tag="500" ind1=" " ind2=" ">
      <subfield code="a">Includes index.</subfield>
    </datafield>
    <datafield tag="504" ind1=" " ind2=" ">
      <subfield code="a">Includes bibliographical references and index.</subfield>
    </datafield>
    <datafield tag="505" ind1="0" ind2=" ">
      <subfield code="a">Introduction -- Highlights of Evernote -- Versions of Evernote -- Extra Features in My Evernote -- What You'll Find in This Book -- Let's Begin -- Getting Started with Evernote -- How Will You Use Evernote -- Me, Myself, and Evernote -- Evernote for Teams -- Evernote in the Classroom -- Evernote for Business -- Evernote for Nonprofits -- Setting Up Your Evernote Account -- Creating Your Account -- Logging in to Evernote -- Exploring Evernote on the Web -- Evernote-the Web Version -- Reviewing Your Account Settings -- Getting Help Online -- Submit a Support Request -- Downloading Evernote -- Evernote Everywhere, on Everything! -- Evernote's Everywhere Approach -- Installing Evernote on Your Windows or Mac Computer -- Installing Evernote on a Windows PC -- Installing Evernote on a Mac -- Installing Evernote on Your Mobile Phone -- Installing Evernote on a Windows Phone 7 -- Installing Evernote on the iPhone and iPod Touch.</subfield>
    </datafield>
    <datafield tag="505" ind1="0" ind2=" ">
      <subfield code="a">Contents note continued: A Tour of the Evernote Window -- Evernote on the PC -- Evernote on Mac OS X -- Evernote on Mobile Devices -- Setting Evernote Options -- Customizing Evernote Startup -- Setting Sync Options -- Saying Goodbye to Evernote -- 3. Capturing and Tagging Your First Notes -- Creating a New Note -- Starting a New Note -- Adding a Note Title -- Adding Author Name and Location -- Typing or Pasting Note Content -- Typing Note Content -- Dragging and Dropping Note Content -- Adding Note Links -- Adding, Assigning, and Removing Tags -- Tagging Your Note -- Adding and Assigning New Tags -- Removing and Deleting Tags -- Emailing Notes to Yourself -- Finding Your Evernote Email Address on the Web -- Sending Notes to Yourself by Email -- Tweeting Your Notes -- Setting Up Your Twitter Stream -- Tweeting to Evernote -- Sending Direct Messages to Evernote -- 4. Editing and Formatting Notes -- Editing the Content of a Note -- Correcting Note Text.</subfield>
    </datafield>
    <datafield tag="505" ind1="0" ind2=" ">
      <subfield code="a">Contents note continued: Moving and Removing Note Content -- Checking the Spelling of Your Note -- Finding and Replacing Note Text -- Finding Note Text -- Searching and Replacing Note Content -- Changing the Font, Size, and Style of Text -- Choosing a New Font -- Changing Text Size -- Selecting a New Text Style -- Working with Text Color -- Changing the Color of Text -- Choosing a Custom Color -- Aligning and Indenting Your Text -- Aligning Your Text -- Working with Text Indents -- Creating Lists -- Adding a Bulleted List -- Creating a Numbered List -- Adding a Table to Your Note -- Creating a New Table -- Modifying the Table -- Creating a To-Do List -- Adding a Check List -- Using the To-Do List -- Merging Notes -- 5. Adding and Working with Images -- Adding an Image to a Note -- Dragging and Dropping Images -- Attaching Images to Messages -- Adding Images with iSight -- Capturing Windows Screens -- Scanning Directly into Evernote -- Setting Up Your Scanner.</subfield>
    </datafield>
    <datafield tag="505" ind1="0" ind2=" ">
      <subfield code="a">Contents note continued: Scanning into Evernote -- Working with Images in Evernote -- Copying and Pasting an Image -- Opening an Image for Editing -- Making Simple Image Changes -- Saving the Image Outside Your Note -- Using Skitch with Mac Images -- Opening an Image in Skitch -- Capturing an Image in Skitch -- Editing an Image in Skitch -- Sharing a Skitch Image -- 6. Inking Your Notes -- Starting an Ink Note -- Creating an Ink Note -- Navigating the Ink Window -- Drawing Lines and Shapes -- Choosing a Tool and Setting Line Thickness -- Choosing Line Color -- Drawing a Shape -- Removing Lines and Shapes -- Removing Lines -- Deleting Shapes -- Undoing-and Redoing-Your Actions -- 7. Grabbing Web Clippings and Webcam Notes -- Setting Up the Web Clipper -- Downloading and Installing the Firefox Web Clipper -- Downloading and Installing the Google Chrome Clipper -- Downloading and Installing the Safari Web Clipper -- Capturing Notes on the Web.</subfield>
    </datafield>
    <datafield tag="505" ind1="0" ind2=" ">
      <subfield code="a">Contents note continued: Adding an IE Web Clipping to Evernote -- Clipping Web Content in Safari -- Clipping Firefox Content -- Snapping a Webcam Note -- Capturing a Webcam Note -- 8. Recording Audio Notes -- What Do You Need to Record Audio Notes? -- Setting Up Your Speakers -- Setting Microphone Levels -- Recording Your Note -- Audio Notes on Your Desktop -- Audio Notes on Your Mobile Device -- Managing Your Audio Notes -- Installing a Playback Plug-In -- Saving Your Audio Clips -- 9. Creating and Managing Notebooks -- Creating a New Notebook -- Creating a Synchronized Notebook -- Creating a Local Notebook -- Managing Your Notebooks -- Renaming a Notebook -- Copying Notes to Other Notebooks -- Moving Notes to a Different Notebook -- Deleting Notebooks -- Exporting Notebooks -- Importing Notebooks -- Working with Notebook Stacks -- Creating and Naming a Notebook Stack -- Adding Notebooks to a Stack -- 10. Finding and Viewing Notes Your Way -- Searching for a Note.</subfield>
    </datafield>
    <datafield tag="505" ind1="0" ind2=" ">
      <subfield code="a">Contents note continued: Doing a Simple Search -- Fine-Tuning the Search -- Searching with Note Attributes -- Creating a Saved Search -- Displaying Evernote Views -- List View -- Snippet View -- Thumbnail View -- Customizing the Evernote Window -- 11. Previewing and Printing Your Notes -- Setting Up Your Page -- Choosing Paper Size and Source -- Setting Page Margins -- Previewing Your Note -- Displaying Notes in Print Preview -- Choosing Preview Orientation -- Paging Through Your Note -- Zooming and Reducing Note Display -- Printing Notes and Notebooks -- Setting Printing Options -- Setting Print Attributes -- Printing Your Note -- Printing to a PDF -- 12. Sharing Notes with Others -- Sharing a Public Notebook -- Sharing Your Notebook Publicly -- Accessing and Linking a Public Notebook -- Sharing Your Notebook with Individuals -- Sharing with Individuals -- Copying To and From Shared Notebooks -- Stop Sharing Your Notebook -- Sharing Your Notes Through Email and Social Media.</subfield>
    </datafield>
    <datafield tag="505" ind1="0" ind2=" ">
      <subfield code="a">Contents note continued: Sharing Notes Through Twitter -- Sharing Your Notes with Facebook -- Sharing a Note by Email.</subfield>
    </datafield>
    <datafield tag="520" ind1=" " ind2=" ">
      <subfield code="a">My Evernote(R) Step-by-step instructions with callouts to photos that show you exactly what to do Help when you run into problems or limitations with Evernote Tips and Notes to help you take full advantage of Evernote on your smartphone, tablet, or computer Full-color, step-by-step tasks walk you through making the most of Evernote --free or premium, on any device!</subfield>
    </datafield>
    <datafield tag="590" ind1=" " ind2=" ">
      <subfield code="b">alles</subfield>
    </datafield>
    <datafield tag="590" ind1=" " ind2=" ">
      <subfield code="a">OCLC</subfield>
      <subfield code="b">WorldCat Holdings</subfield>
    </datafield>
    <datafield tag="590" ind1=" " ind2=" ">
      <subfield code="b">Test Datenabzug_neu</subfield>
    </datafield>
    <datafield tag="590" ind1=" " ind2=" ">
      <subfield code="b">Test Kollektion eigene Einstellungen</subfield>
    </datafield>
    <datafield tag="630" ind1="0" ind2="0">
      <subfield code="a">Evernote.</subfield>
    </datafield>
    <datafield tag="650" ind1=" " ind2="0">
      <subfield code="a">Note-taking</subfield>
      <subfield code="x">Computer programs.</subfield>
    </datafield>
    <datafield tag="938" ind1=" " ind2=" ">
      <subfield code="a">Brodart</subfield>
      <subfield code="b">BROD</subfield>
      <subfield code="n">103306269</subfield>
    </datafield>
    <datafield tag="938" ind1=" " ind2=" ">
      <subfield code="a">Baker and Taylor</subfield>
      <subfield code="b">BTCP</subfield>
      <subfield code="n">BK0010268745</subfield>
    </datafield>
    <datafield tag="938" ind1=" " ind2=" ">
      <subfield code="a">Coutts Information Services</subfield>
      <subfield code="b">COUT</subfield>
      <subfield code="n">19343828</subfield>
    </datafield>
    <datafield tag="938" ind1=" " ind2=" ">
      <subfield code="a">YBP Library Services</subfield>
      <subfield code="b">YANK</subfield>
      <subfield code="n">7150956</subfield>
    </datafield>
    <datafield tag="994" ind1=" " ind2=" ">
      <subfield code="a">92</subfield>
      <subfield code="b">DEFHM</subfield>
    </datafield>
  </record>
</collection>
